@book{fleisch_students_2008,
	address = {Cambridge, UK; New York},
	title = {A student's guide to {Maxwell}'s equations},
	isbn = {9780511394560 9780511393082 9780521877619 9780521701471 9780511391774 9780511389009 9780511391255 9780511984624 9786611370329 9780511393914},
	url = {https://doi.org/10.1017/CBO9780511984624},
	abstract = {A guide for undergraduate and graduate courses in electromagnetism and electromagnetics.},
	language = {English},
	urldate = {2020-10-03},
	publisher = {Cambridge University Press},
	author = {Fleisch, Daniel A},
	year = {2008},
	note = {OCLC: 235942424}
}

@book{monk_finite_2003,
	title = {Finite {Element} {Methods} for {Maxwell}'s {Equations}},
	isbn = {9780198508885},
	url = {https://oxford.universitypressscholarship.com/view/10.1093/acprof:oso/9780198508885.001.0001/acprof-9780198508885},
	urldate = {2020-10-03},
	publisher = {Oxford University Press},
	author = {Monk, Peter},
	month = apr,
	year = {2003},
	doi = {10.1093/acprof:oso/9780198508885.001.0001}
}


@book{serway_physics_2019,
	title = {Physics for scientists and engineers},
	isbn = {9781337553278},
	language = {English},
	author = {Serway, Raymond A and Jewett, John W},
	year = {2019},
	note = {OCLC: 1134150032}
}

@article{mismar_numerical_2017,
	title = {Numerical {Simulation} of {Maxwell}'s {Equations}},
	volume = {7},
	issn = {22788719, 22503021},
	url = {http://www.iosrjen.org/Papers/vol7_issue3/Version-1/A0703010110.pdf},
	doi = {10.9790/30210-703010110},
	number = {03},
	urldate = {2020-09-01},
	journal = {IOSR Journal of Engineering},
	author = {Mismar, Mai},
	month = mar,
	year = {2017},
	pages = {01--10}
}